[gd_scene load_steps=8 format=2]

[ext_resource path="res://Fonts/roboto_48.tres" type="DynamicFont" id=1]
[ext_resource path="res://Scripts/ReturnToTitle.gd" type="Script" id=2]
[ext_resource path="res://icon.png" type="Texture" id=3]
[ext_resource path="res://Scenes/TouchScreenButton.gd" type="Script" id=4]
[ext_resource path="res://fps_label.tscn" type="PackedScene" id=5]
[ext_resource path="res://blocks_tileset.tres" type="TileSet" id=6]

[sub_resource type="RectangleShape2D" id=1]

custom_solver_bias = 0.0
extents = Vector2( 32, 32 )

[node name="Game" type="Node"]

_sections_unfolded = [ "Pause" ]

[node name="GUI" type="Control" parent="." index="0"]

anchor_left = 0.0
anchor_top = 0.0
anchor_right = 1.0
anchor_bottom = 1.0
margin_left = 5.0
margin_right = 5.0
rect_pivot_offset = Vector2( 0, 0 )
rect_clip_content = false
mouse_filter = 0
mouse_default_cursor_shape = 0
size_flags_horizontal = 1
size_flags_vertical = 1

[node name="MarginContainer" type="MarginContainer" parent="GUI" index="0"]

anchor_left = 0.0
anchor_top = 0.0
anchor_right = 1.0
anchor_bottom = 1.0
rect_pivot_offset = Vector2( 0, 0 )
rect_clip_content = false
mouse_filter = 0
mouse_default_cursor_shape = 0
size_flags_horizontal = 1
size_flags_vertical = 1

[node name="Button" type="Button" parent="GUI/MarginContainer" index="0"]

anchor_left = 0.0
anchor_top = 0.0
anchor_right = 0.0
anchor_bottom = 0.0
margin_left = 8.0
margin_right = 159.0
margin_bottom = 100.0
rect_min_size = Vector2( 100, 100 )
rect_pivot_offset = Vector2( 0, 0 )
rect_clip_content = false
focus_mode = 2
mouse_filter = 0
mouse_default_cursor_shape = 0
size_flags_horizontal = 2
size_flags_vertical = 2
custom_fonts/font = ExtResource( 1 )
toggle_mode = false
enabled_focus_mode = 2
shortcut = null
group = null
text = "Return"
flat = false
align = 1
script = ExtResource( 2 )
_sections_unfolded = [ "Anchor", "Margin", "Rect", "Size Flags", "Visibility", "custom_fonts" ]

[node name="TouchScreenButton" type="TouchScreenButton" parent="GUI/MarginContainer" index="1"]

visible = false
scale = Vector2( 2, 2 )
normal = ExtResource( 3 )
pressed = null
bitmask = null
shape = null
shape_centered = true
shape_visible = true
passby_press = false
action = ""
visibility_mode = 0
script = ExtResource( 4 )
_sections_unfolded = [ "Material", "Transform", "Visibility" ]

[node name="fps_label" parent="GUI" index="1" instance=ExtResource( 5 )]

[node name="World" type="Node2D" parent="." index="1"]

_sections_unfolded = [ "Transform" ]

[node name="RigidBody2D" type="RigidBody2D" parent="World" index="0"]

position = Vector2( 640, 768 )
input_pickable = false
collision_layer = 1
collision_mask = 1
mode = 0
mass = 1.0
friction = 1.0
bounce = 1.0
gravity_scale = 1.0
custom_integrator = false
continuous_cd = 0
contacts_reported = 0
contact_monitor = false
sleeping = false
can_sleep = true
linear_velocity = Vector2( 0, 0 )
linear_damp = -1.0
angular_velocity = 0.0
angular_damp = -1.0
__meta__ = {
"_edit_group_": true
}

[node name="CollisionShape2D" type="CollisionShape2D" parent="World/RigidBody2D" index="0"]

shape = SubResource( 1 )

[node name="Sprite" type="Sprite" parent="World/RigidBody2D" index="1"]

texture = ExtResource( 3 )
_sections_unfolded = [ "Transform" ]

[node name="TileMap" type="TileMap" parent="World" index="1"]

mode = 0
tile_set = ExtResource( 6 )
cell_size = Vector2( 128, 128 )
cell_quadrant_size = 16
cell_custom_transform = Transform2D( 1, 0, 0, 1, 0, 0 )
cell_half_offset = 2
cell_tile_origin = 0
cell_y_sort = false
cell_clip_uv = false
collision_use_kinematic = false
collision_friction = 1.0
collision_bounce = 0.0
collision_layer = 1
collision_mask = 1
occluder_light_mask = 1
format = 1
tile_data = PoolIntArray( 458755, 0, 0, 458756, 0, 0, 458757, 0, 0, 524290, -1073741824, 0, 524292, -1073741821, 0, 524294, -1610612736, 0, 589826, -1073741824, 0, 589827, -1073741821, 0, 589828, -1073741821, 0, 589829, -1073741821, 0, 589830, -1610612736, 0, 655362, -1073741824, 0, 655364, -1073741821, 0, 655366, -1610612736, 0, 720899, 1610612736, 0, 720900, 1610612736, 0, 720901, 1610612736, 0 )
_sections_unfolded = [ "Cell", "Collision", "Visibility" ]

[connection signal="pressed" from="GUI/MarginContainer/Button" to="GUI/MarginContainer/Button" method="_on_Button_pressed"]

[connection signal="pressed" from="GUI/MarginContainer/TouchScreenButton" to="GUI/MarginContainer/TouchScreenButton" method="_on_TouchScreenButton_pressed"]


